<record><leader>00000cas a22000007a 4500</leader><controlfield tag="001">15649898</controlfield><controlfield tag="008">870508d19131959msuwr ne      0    0eng d</controlfield><datafield ind1=" " ind2=" " tag="010"><subfield code="a">sn 87065651 </subfield></datafield><datafield ind1=" " ind2=" " tag="040"><subfield code="a">MJA</subfield><subfield code="b">eng</subfield><subfield code="c">MJA</subfield><subfield code="d">MSJ</subfield><subfield code="d">OCLCQ</subfield></datafield><datafield ind1=" " ind2=" " tag="042"><subfield code="a">msc</subfield></datafield><datafield ind1="0" ind2=" " tag="130"><subfield code="a">Booster (Purvis, Miss.)</subfield></datafield><datafield ind1="1" ind2="4" tag="245"><subfield code="a">The Booster.</subfield></datafield><datafield ind1=" " ind2=" " tag="260"><subfield code="a">Purvis, Miss. :</subfield><subfield code="b">S.M. Rees,</subfield><subfield code="c">-1959.</subfield></datafield><datafield ind1=" " ind2=" " tag="310"><subfield code="a">Weekly</subfield></datafield><datafield ind1="1" ind2=" " tag="362"><subfield code="a">Began with Jan. 25, 1913 issue.</subfield></datafield><datafield ind1="0" ind2=" " tag="362"><subfield code="a">-v. 47, no. 10 (Mar. 27, 1959).</subfield></datafield><datafield ind1=" " ind2=" " tag="588"><subfield code="a">Description based on: Vol. 3, no. 6 (Feb. 25, 1915).</subfield></datafield><datafield ind1=" " ind2=" " tag="752"><subfield code="a">United States</subfield><subfield code="b">Mississippi</subfield><subfield code="c">Lamar</subfield><subfield code="d">Purvis.</subfield></datafield><datafield ind1="0" ind2="0" tag="785"><subfield code="t">Lamar County news</subfield><subfield code="w">(OCoLC)16275407</subfield></datafield></record>